@ARTICLE{Hogg2020,
       author = {{Hogg}, David W. and {Price-Whelan}, Adrian M. and {Leistedt}, Boris},
        title = "{Data Analysis Recipes: Products of multivariate Gaussians in Bayesian inferences}",
      journal = {arXiv e-prints},
     keywords = {Statistics - Computation, Astrophysics - Instrumentation and Methods for Astrophysics, Physics - Data Analysis, Statistics and Probability},
         year = 2020,
        month = may,
          eid = {arXiv:2005.14199},
        pages = {arXiv:2005.14199},
          doi = {10.48550/arXiv.2005.14199},
archivePrefix = {arXiv},
       eprint = {2005.14199},
 primaryClass = {stat.CO},
       adsurl = {https://ui.adsabs.harvard.edu/abs/2020arXiv200514199H},
      adsnote = {Provided by the SAO/NASA Astrophysics Data System}
}

@ARTICLE{Abbott2016,
       author = {{Abbott}, B.~P. and {Abbott}, R. and {Abbott}, T.~D. and {Abernathy}, M.~R. and {Acernese}, F. and {Ackley}, K. and {Adams}, C. and {Adams}, T. and {Addesso}, P. and {Adhikari}, R.~X. and et al.},
        title = "{Observation of Gravitational Waves from a Binary Black Hole Merger}",
      journal = {\prl},
     keywords = {General Relativity and Quantum Cosmology, Astrophysics - High Energy Astrophysical Phenomena},
         year = 2016,
        month = feb,
       volume = {116},
       number = {6},
          eid = {061102},
        pages = {061102},
          doi = {10.1103/PhysRevLett.116.061102},
archivePrefix = {arXiv},
       eprint = {1602.03837},
 primaryClass = {gr-qc},
       adsurl = {https://ui.adsabs.harvard.edu/abs/2016PhRvL.116f1102A},
      adsnote = {Provided by the SAO/NASA Astrophysics Data System}
}

@ARTICLE{Abbott2019,
       author = {{Abbott}, B.~P. and {Abbott}, R. and {Abbott}, T.~D. and {Abraham}, S. and {Acernese}, F. and {Ackley}, K. and {Adams}, C. and {Adhikari}, R.~X. and {Adya}, V.~B. and {Affeldt}, C. and et al.},
        title = "{GWTC-1: A Gravitational-Wave Transient Catalog of Compact Binary Mergers Observed by LIGO and Virgo during the First and Second Observing Runs}",
      journal = {Physical Review X},
     keywords = {Astrophysics - High Energy Astrophysical Phenomena, Astrophysics - Cosmology and Nongalactic Astrophysics, General Relativity and Quantum Cosmology},
         year = 2019,
        month = jul,
       volume = {9},
       number = {3},
          eid = {031040},
        pages = {031040},
          doi = {10.1103/PhysRevX.9.031040},
archivePrefix = {arXiv},
       eprint = {1811.12907},
 primaryClass = {astro-ph.HE},
       adsurl = {https://ui.adsabs.harvard.edu/abs/2019PhRvX...9c1040A},
      adsnote = {Provided by the SAO/NASA Astrophysics Data System}
}

@article{GWOSC2,
    author = "Abbott, R. and others",
    collaboration = "KAGRA, VIRGO, LIGO Scientific",
    title = "{Open Data from the Third Observing Run of LIGO, Virgo, KAGRA, and GEO}",
    eprint = "2302.03676",
    archivePrefix = "arXiv",
    primaryClass = "gr-qc",
    reportNumber = "LIGO-P2200316",
    doi = "10.3847/1538-4365/acdc9f",
    journal = "Astrophys. J. Suppl.",
    volume = "267",
    number = "2",
    pages = "29",
    year = "2023"
}

@article{GWOSC,
    author = "Abbott, Rich and others",
    collaboration = "LIGO Scientific, Virgo",
    title = "{Open data from the first and second observing runs of Advanced LIGO and Advanced Virgo}",
    eprint = "1912.11716",
    archivePrefix = "arXiv",
    primaryClass = "gr-qc",
    reportNumber = "LIGO-P1900206",
    doi = "10.1016/j.softx.2021.100658",
    journal = "SoftwareX",
    volume = "13",
    pages = "100658",
    year = "2021"
}

@misc{GW150914-GWOSC,
  author = {GWOSC},
  howpublished = {\url{https://gwosc.org/eventapi/html/GWTC-1-confident/GW150914/}},
  title = {GW150914},
  year = {2024}
}

@article{phan2019composable,
  title={Composable Effects for Flexible and Accelerated Probabilistic Programming in NumPyro},
  author={Phan, Du and Pradhan, Neeraj and Jankowiak, Martin},
  journal={arXiv preprint arXiv:1912.11554},
  year={2019}
}

@article{bingham2019pyro,
  author    = {Eli Bingham and
               Jonathan P. Chen and
               Martin Jankowiak and
               Fritz Obermeyer and
               Neeraj Pradhan and
               Theofanis Karaletsos and
               Rohit Singh and
               Paul A. Szerlip and
               Paul Horsfall and
               Noah D. Goodman},
  title     = {Pyro: Deep Universal Probabilistic Programming},
  journal   = {J. Mach. Learn. Res.},
  volume    = {20},
  pages     = {28:1--28:6},
  year      = {2019},
  url       = {http://jmlr.org/papers/v20/18-403.html}
}

@INCOLLECTION{Neal2011,
       author = {{Neal}, Radford},
        title = "{MCMC Using Hamiltonian Dynamics}",
     keywords = {Statistics - Computation, Physics - Computational Physics},
    booktitle = {Handbook of Markov Chain Monte Carlo},
         year = 2011,
        pages = {113-162},
          doi = {10.1201/b10905},
       adsurl = {https://ui.adsabs.harvard.edu/abs/2011hmcm.book..113N},
      adsnote = {Provided by the SAO/NASA Astrophysics Data System}
}

@ARTICLE{2007CSE.....9c..21P,
       author = {{Perez}, Fernando and {Granger}, Brian E.},
        title = "{IPython: A System for Interactive Scientific Computing}",
      journal = {Computing in Science and Engineering},
         year = "2007",
        month = "Jan",
       volume = {9},
       number = {3},
        pages = {21-29},
          doi = {10.1109/MCSE.2007.53},
       adsurl = {https://ui.adsabs.harvard.edu/abs/2007CSE.....9c..21P},
      adsnote = {Provided by the SAO/NASA Astrophysics Data System}
}

@conference{kluyver2016jupyter,
    title = {Jupyter Notebooks -- a publishing format for reproducible computational workflows},
    author = {Thomas Kluyver and Benjamin Ragan-Kelley and Fernando P{\'e}rez and Brian Granger and Matthias Bussonnier and Jonathan Frederic and Kyle Kelley and Jessica Hamrick and Jason Grout and Sylvain Corlay and Paul Ivanov and Dami{\'a}n Avila and Safia Abdalla and Carol Willing},
    booktitle = {Positioning and Power in Academic Publishing: Players, Agents and Agendas},
    editor = {F. Loizides and B. Schmidt},
    organization = {IOS Press},
    pages = {87 - 90},
    year = {2016}
}

@Article{Hunter:2007,
  Author    = {Hunter, J. D.},
  Title     = {Matplotlib: A 2D graphics environment},
  Journal   = {Computing in Science \& Engineering},
  Volume    = {9},
  Number    = {3},
  Pages     = {90--95},
  abstract  = {Matplotlib is a 2D graphics package used for Python for
  application development, interactive scripting, and publication-quality
  image generation across user interfaces and operating systems.},
  publisher = {IEEE COMPUTER SOC},
  doi       = {10.1109/MCSE.2007.55},
  year      = 2007
}

@article{numpy,
 title         = {Array programming with {NumPy}},
 author        = {Charles R. Harris and K. Jarrod Millman and St{\'{e}}fan J.
                 van der Walt and Ralf Gommers and Pauli Virtanen and David
                 Cournapeau and Eric Wieser and Julian Taylor and Sebastian
                 Berg and Nathaniel J. Smith and Robert Kern and Matti Picus
                 and Stephan Hoyer and Marten H. van Kerkwijk and Matthew
                 Brett and Allan Haldane and Jaime Fern{\'{a}}ndez del
                 R{\'{i}}o and Mark Wiebe and Pearu Peterson and Pierre
                 G{\'{e}}rard-Marchant and Kevin Sheppard and Tyler Reddy and
                 Warren Weckesser and Hameer Abbasi and Christoph Gohlke and
                 Travis E. Oliphant},
 year          = {2020},
 month         = sep,
 journal       = {Nature},
 volume        = {585},
 number        = {7825},
 pages         = {357--362},
 doi           = {10.1038/s41586-020-2649-2},
 publisher     = {Springer Science and Business Media {LLC}},
 url           = {https://doi.org/10.1038/s41586-020-2649-2}
}

@software{pandas_13819579,
  author       = {The pandas development team},
  title        = {pandas-dev/pandas: Pandas},
  month        = sep,
  year         = 2024,
  publisher    = {Zenodo},
  version      = {v2.2.3},
  doi          = {10.5281/zenodo.13819579},
  url          = {https://doi.org/10.5281/zenodo.13819579},
}

@InProceedings{mckinney-proc-scipy-2010,
  author    = { {W}es {M}c{K}inney },
  title     = { {D}ata {S}tructures for {S}tatistical {C}omputing in {P}ython },
  booktitle = { {P}roceedings of the 9th {P}ython in {S}cience {C}onference },
  pages     = { 56 - 61 },
  year      = { 2010 },
  editor    = { {S}t\'efan van der {W}alt and {J}arrod {M}illman },
  doi       = { 10.25080/Majora-92bf1922-00a }
}

@book{python,
  author    = {Van Rossum, Guido and Drake, Fred L.},
  title     = {Python 3 Reference Manual},
  year      = {2009},
  isbn      = {1441412697},
  publisher = {CreateSpace},
  address   = {Scotts Valley, CA}
}

@article{scipy_14630489,
  author       = {Ralf Gommers and
                  Pauli Virtanen and
                  Matt Haberland and
                  Evgeni Burovski and
                  Tyler Reddy and
                  Warren Weckesser and
                  Travis E. Oliphant and
                  David Cournapeau and
                  Andrew Nelson and
                  alexbrc and
                  Pamphile Roy and
                  Pearu Peterson and
                  Ilhan Polat and
                  Josh Wilson and
                  endolith and
                  Nikolay Mayorov and
                  Stefan van der Walt and
                  Lucas Colley and
                  Matthew Brett and
                  Denis Laxalde and
                  Eric Larson and
                  Atsushi Sakai and
                  Jake Bowhay and
                  Jarrod Millman and
                  Lars and
                  peterbell10 and
                  CJ Carey and
                  Paul van Mulbregt and
                  eric-jones and
                  Kai Striega},
  title        = {scipy/scipy: SciPy 1.15.1},
  month        = jan,
  year         = 2025,
  publisher    = {Zenodo},
  version      = {v1.15.1},
  doi          = {10.5281/zenodo.14630489},
  url          = {https://doi.org/10.5281/zenodo.14630489},
}

@ARTICLE{2020SciPy-NMeth,
  author  = {Virtanen, Pauli and Gommers, Ralf and Oliphant, Travis E. and
            Haberland, Matt and Reddy, Tyler and Cournapeau, David and
            Burovski, Evgeni and Peterson, Pearu and Weckesser, Warren and
            Bright, Jonathan and {van der Walt}, St{\'e}fan J. and
            Brett, Matthew and Wilson, Joshua and Millman, K. Jarrod and
            Mayorov, Nikolay and Nelson, Andrew R. J. and Jones, Eric and
            Kern, Robert and Larson, Eric and Carey, C J and
            Polat, {\.I}lhan and Feng, Yu and Moore, Eric W. and
            {VanderPlas}, Jake and Laxalde, Denis and Perktold, Josef and
            Cimrman, Robert and Henriksen, Ian and Quintero, E. A. and
            Harris, Charles R. and Archibald, Anne M. and
            Ribeiro, Ant{\^o}nio H. and Pedregosa, Fabian and
            {van Mulbregt}, Paul and {SciPy 1.0 Contributors}},
  title   = {{{SciPy} 1.0: Fundamental Algorithms for Scientific
            Computing in Python}},
  journal = {Nature Methods},
  year    = {2020},
  volume  = {17},
  pages   = {261--272},
  adsurl  = {https://rdcu.be/b08Wh},
  doi     = {10.1038/s41592-019-0686-2},
}

@software{ArviZ_13854799,
  author       = {Osvaldo A Martin and
                  Ari Hartikainen and
                  Oriol Abril-Pla and
                  Colin Carroll and
                  Ravin Kumar and
                  Rosheen Naeem and
                  Agustina Arroyuelo and
                  Piyush Gautam and
                  rpgoldman and
                  Aniruddha Banerjea and
                  Nitish Pasricha and
                  Seth Axen and
                  Rishabh Sanjay and
                  Predrag Gruevski and
                  Austin Rochford and
                  Utkarsh Mahweshwari and
                  Volodymyr (Vlad) Kazantsev and
                  Rob Zinkov and
                  Du Phan and
                  Asael A Matamoros and
                  Arunava and
                  Mragank Shekhar and
                  Alexandre Andorra and
                  Ero Carrera and
                  Michael Osthege and
                  Hector Munoz and
                  Marco Edward Gorelli and
                  Tomás Capretto and
                  Thummanoon Kunanuntakij and
                  Sarina},
  title        = {ArviZ},
  month        = sep,
  year         = 2024,
  publisher    = {Zenodo},
  version      = {v0.20.0},
  doi          = {10.5281/zenodo.13854799},
  url          = {https://doi.org/10.5281/zenodo.13854799},
}

@article{arviz_2019,
  doi = {10.21105/joss.01143},
  url = {https://doi.org/10.21105/joss.01143},
  year = {2019},
  publisher = {The Open Journal},
  volume = {4},
  number = {33},
  pages = {1143},
  author = {Ravin Kumar and Colin Carroll and Ari Hartikainen and Osvaldo Martin},
  title = {ArviZ a unified library for exploratory analysis of Bayesian models in Python},
  journal = {Journal of Open Source Software}
}

@article{jax2018github,
  author = {James Bradbury and Roy Frostig and Peter Hawkins and Matthew James Johnson and Chris Leary and Dougal Maclaurin and George Necula and Adam Paszke and Jake Vander{P}las and Skye Wanderman-{M}ilne and Qiao Zhang},
  title = {{JAX}: composable transformations of {P}ython+{N}um{P}y programs},
  url = {http://github.com/google/jax},
  version = {0.3.13},
  year = {2018},
}

@article{tqdm_14231923,
  author       = {Casper da Costa-Luis and
                  Stephen Karl Larroque and
                  Kyle Altendorf and
                  Hadrien Mary and
                  richardsheridan and
                  Mikhail Korobov and
                  Noam Yorav-Raphael and
                  Ivan Ivanov and
                  Marcel Bargull and
                  Nishant Rodrigues and
                  Shawn and
                  Mikhail Dektyarev and
                  Michał Górny and
                  mjstevens777 and
                  Matthew D. Pagel and
                  Martin Zugnoni and
                  JC and
                  CrazyPython and
                  Charles Newey and
                  Antony Lee and
                  pgajdos and
                  Todd and
                  Staffan Malmgren and
                  redbug312 and
                  Orivej Desh and
                  Nikolay Nechaev and
                  Mike Boyle and
                  Max Nordlund and
                  MapleCCC and
                  Jack McCracken},
  title        = {tqdm: A fast, Extensible Progress Bar for Python
                   and CLI
                  },
  month        = nov,
  year         = 2024,
  publisher    = {Zenodo},
  version      = {v4.67.1},
  doi          = {10.5281/zenodo.14231923},
  url          = {https://doi.org/10.5281/zenodo.14231923},
}

@software{xarray_14777280,
  author       = {Hoyer, Stephan and
                  Roos, Maximilian and
                  Joseph, Hamman and
                  Magin, Justus and
                  Cherian, Deepak and
                  Fitzgerald, Clark and
                  Hauser, Mathias and
                  Fujii, Keisuke and
                  Maussion, Fabien and
                  Imperiale, Guido and
                  Clark, Spencer and
                  Kleeman, Alex and
                  Nicholas, Thomas and
                  Kluyver, Thomas and
                  Westling, Jimmy and
                  Munroe, James and
                  Amici, Alessandro and
                  Barghini, Aureliana and
                  Banihirwe, Anderson and
                  Bell, Ray and
                  Hatfield-Dodds, Zac and
                  Abernathey, Ryan and
                  Bovy, Benoît and
                  Omotani, John and
                  Mühlbauer, Kai and
                  Roszko, Maximilian K. and
                  Wolfram, Phillip J. and
                  Henderson, Scott and
                  Awowale, Eniola Olufunke and
                  Scheick, Jessica and
                  Savoie, Matthew and
                  Littlejohns, Owen},
  title        = {xarray},
  month        = jan,
  year         = 2025,
  publisher    = {Zenodo},
  version      = {v2025.01.2},
  doi          = {10.5281/zenodo.14777280},
  url          = {https://doi.org/10.5281/zenodo.14777280},
}

@article{hoyer2017xarray,
  title     = {xarray: {N-D} labeled arrays and datasets in {Python}},
  author    = {Hoyer, S. and J. Hamman},
  journal   = {Journal of Open Research Software},
  volume    = {5},
  number    = {1},
  year      = {2017},
  publisher = {Ubiquity Press},
  doi       = {10.5334/jors.148},
  url       = {https://doi.org/10.5334/jors.148}
}

@ARTICLE{software-citation-station-paper,
       author = {{Wagg}, Tom and {Broekgaarden}, Floor S.},
        title = "{Streamlining and standardizing software citations with The Software Citation Station}",
      journal = {arXiv e-prints},
     keywords = {Astrophysics - Instrumentation and Methods for Astrophysics, Computer Science - Digital Libraries},
         year = 2024,
        month = jun,
          eid = {arXiv:2406.04405},
        pages = {arXiv:2406.04405},
archivePrefix = {arXiv},
       eprint = {2406.04405},
 primaryClass = {astro-ph.IM},
       adsurl = {https://ui.adsabs.harvard.edu/abs/2024arXiv240604405W},
      adsnote = {Provided by the SAO/NASA Astrophysics Data System}
}

@software{software-citation-station-zenodo,
  author       = {Tom Wagg and
                  Floor Broekgaarden and
                  Kayhan Gültekin},
  title        = {TomWagg/software-citation-station: v1.2},
  month        = aug,
  year         = 2024,
  publisher    = {Zenodo},
  version      = {v1.2},
  doi          = {10.5281/zenodo.13225824},
  url          = {https://doi.org/10.5281/zenodo.13225824},
}

@ARTICLE{Veitch2015,
       author = {{Veitch}, J. and {Raymond}, V. and {Farr}, B. and {Farr}, W. and {Graff}, P. and {Vitale}, S. and {Aylott}, B. and {Blackburn}, K. and {Christensen}, N. and {Coughlin}, M. and et al.},
        title = "{Parameter estimation for compact binaries with ground-based gravitational-wave observations using the LALInference software library}",
      journal = {\prd},
     keywords = {02.50.Tt, 04.30.-w, 95.85.Sz, Inference methods, Gravitational waves: theory, Gravitational radiation magnetic fields and other observations, General Relativity and Quantum Cosmology, Astrophysics - High Energy Astrophysical Phenomena, Astrophysics - Instrumentation and Methods for Astrophysics},
         year = 2015,
        month = feb,
       volume = {91},
       number = {4},
          eid = {042003},
        pages = {042003},
          doi = {10.1103/PhysRevD.91.042003},
archivePrefix = {arXiv},
       eprint = {1409.7215},
 primaryClass = {gr-qc},
       adsurl = {https://ui.adsabs.harvard.edu/abs/2015PhRvD..91d2003V},
      adsnote = {Provided by the SAO/NASA Astrophysics Data System}
}

@ARTICLE{Littenberg2015,
       author = {{Littenberg}, Tyson B. and {Cornish}, Neil J.},
        title = "{Bayesian inference for spectral estimation of gravitational wave detector noise}",
      journal = {\prd},
     keywords = {04.30.-w, 04.80.Nn, 95.55.Ym, Gravitational waves: theory, Gravitational wave detectors and experiments, Gravitational radiation detectors, mass spectrometers, and other instrumentation and techniques, General Relativity and Quantum Cosmology, Astrophysics - High Energy Astrophysical Phenomena, Astrophysics - Instrumentation and Methods for Astrophysics},
         year = 2015,
        month = apr,
       volume = {91},
       number = {8},
          eid = {084034},
        pages = {084034},
          doi = {10.1103/PhysRevD.91.084034},
archivePrefix = {arXiv},
       eprint = {1410.3852},
 primaryClass = {gr-qc},
       adsurl = {https://ui.adsabs.harvard.edu/abs/2015PhRvD..91h4034L},
      adsnote = {Provided by the SAO/NASA Astrophysics Data System}
}

